@book{Akram2007,
  author = {Akram, A. and Meredith, D.},
  title = {Approaches and Best Practices in Web Service Style, XML Data Binding and Validation – Implications to Securing Web Services},
  booktitle = {Securing Web Services: Practical Usage of Standards and Specifications},
  publisher = {IGI Global},
  year = {2007},
  address = {Hershey}
}

@misc{Balasubramanian2023,
  author = {Balasubramanian},
  title = {SAPUI5 Data Binding: A Comprehensive Guide},
  howpublished = {https://medium.com/@balacse4016/sapui5-data-binding-a-comprehensive-guide-8f0d76f56b21},
  note = {Accessed 22 June 2025},
  year = {2023}
}

@book{Benson2021,
  author = {Benson, T. and Grieve, G.},
  title = {Principles of Health Interoperability FHIR, HL7 and SNOMED CT},
  publisher = {Springer},
  year = {2021},
  address = {Cham}
}

@misc{Deacon2013,
  author = {Deacon, John},
  title = {Model-View-Controller Architecture},
  howpublished = {http://www.johndeacon.net/john-deacon/articles/model-view-controller-architecture/},
  note = {Accessed 22 June 2025},
  year = {2013}
}

@article{ElDahshan2022,
  author = {El-Dahshan, K. and Selim, E. and Ebada, A. Ismail and Abouhawwash, M. and Nam, Y. and Behery, G.},
  title = {Handling Big Data in Relational Database Management Systems},
  journal = {Computers, Materials and Continua}, 
  volume = {72},
  number = {3},
  pages = {5149-5164},
  year = {2022},
  doi = {10.32604/cmc.2022.028326}
}

@book{Obert2023,
  author = {Obert, M. and Buzek, V.},
  title = {SAP UI Frameworks for Enterprise Developers},
  publisher = {Apress},
  year = {2023},
  address = {New York}
}

@article{Ozdikililer2021,
  author = {Özdikililer, E.},
  title = {Data Binding in Front End for Web Applications},
  journal = {The Journal of CIEES},
  volume = {1},
  number = {2},
  pages = {31-34},
  year = {2021},
  doi = {10.48149/jciees.2021.1.2.6}
}

@misc{Rustagi2023,
author = {Rustagi, Punit},
title = {MVC Architecture and Its Applications},
url = {http://www.ir.juit.ac.in:8080/jspui/bitstream/123456789/3729/1/MVC%20Architecture%20and%20Its%20Application.pdf}, 
note = {Undergraduate Dissertation, Accessed 20 June 2025},
year = {2023}
}

@book{Abiteboul2000,
  author = {Abiteboul, S. and Buneman, P. and Suciu, D.},
  title = {Data on the Web: From Relations to Semistructured Data and XML},
  publisher = {Morgan Kaufmann},
  year = {2000},
  address = {San Francisco}
}

@misc{SAP2024a,
  author = {{SAP}},
  title = {SAPUI5 Documentation: Data Binding},
  howpublished = {https://help.sap.com/doc/saphelp_snc700_ehp04/7.0.4/de-DE/e5/310932a71f42daa41f3a6143efca9c/content.htm?no_cache=true},
  note = {Accessed 22 June 2025},
  year = {2024}
}

@misc{SAP2024b,
author = {{SAP}},
title = {SAPUI5 SDK: Binding Types},
url = {https://sapui5.hana.ondemand.com/sdk/#/topic/91f0d8ab6f4d1014b6dd926db0e91070.html}, 
note = {Accessed 22 June 2025},
year = {2024}
}

@misc{SAP2024c,
  author = {{SAP}},
  title = {UX400 UI Development with SAPUI5 Participant Handbook},
  note = {Course Handbook, Instructor-Led Training, Course Version 23, 5 Days, Material Number 50162014},
  year = {2024}
}